1362 1760
350 159 392 179 Table
397 159 413 180 I.
421 160 517 180 Comparison
524 160 539 180 of
544 160 661 180 crowd-sourced
669 160 729 180 datasets
733 160 758 180 for
760 160 802 180 table
807 160 876 180 structure
881 160 979 180 recognition.

200 223 260 243 Dataset

201 264 276 286 TableBank
281 265 303 287 191

201 284 254 306 SCITSR
259 284 277 306 /3

201 307 282 329 PubTabNet
284 307 340 330 (22,231

201 329 225 350 Fin
226 329 278 351 TabNet
279 330 312 352 (22)

402 213 449 233 Input

405 233 472 253 Modality

402 266 450 286 lmage

402 282 445 306 PDRT

403 310 448 328 Image

402 329 435 349 PDR

510 223 517 243 H
527 222 575 243 Tables

534 265 569 284 145K

543 287 569 306 I5K

526 308 562 329 SIOK

534 332 569 352 113K

625 213 658 232 Cell

605 233 674 256 Topology

719 213 749 231 Cell

706 231 768 255 Content

724 327 738 355 5

811 214 843 232 Cell

791 233 860 253 Location

810 319 839 356 s+

891 213 925 231 Row
932 213 937 231 &
952 213 1012 231 Column

918 234 986 253 Location

1046 214 1122 232 Canonical

1048 234 1119 252 Structure

201 362 304 383 PubTables-IM
316 363 363 385 (ours)

405 362 436 383 PDF

535 362 569 382 9A8K

211 399 264 416 Multiple
266 400 301 416 input
305 400 374 417 modalities,
377 400 403 417 such
410 400 422 417 as
425 400 464 417 image
468 400 481 417 or
483 400 512 417 text,
515 401 537 417 can
540 401 556 417 be
560 401 606 417 derived
609 401 638 417 from
643 400 705 417 annotated
709 400 734 417 PDF
742 400 768 417 data

210 420 234 438 The
238 420 283 438 authors
286 420 331 438 release
335 420 407 438 annotations
410 420 428 437 for
433 420 462 437 5lOK
472 420 485 437 of
486 420 506 437 the
511 420 533 437 568
534 420 539 437 K
548 420 579 437 total
580 420 618 438 tables
620 420 633 438 in
636 420 665 438 their
670 420 717 438 dataset.

209 440 230 456 For
233 440 267 456 these
271 440 325 457 datasets,
328 440 350 457 cell
353 440 411 457 bounding
417 441 454 457 boxes
458 441 475 457 are
481 441 513 457 given
518 441 535 458 for
539 441 600 458 non-blank
608 441 635 458 cells
639 441 666 458 only
672 441 693 458 and
698 441 746 458 exclude
750 441 771 458 any
777 441 829 458 non-text
830 441 877 458 portion
881 441 894 458 of
898 441 904 458 a
908 441 931 458 cell

112 509 220 533 components
226 509 243 533 or
249 509 310 533 custom
318 509 386 533 training
392 509 497 533 procedures,
504 509 532 533 and
539 509 638 533 incorporate

110 534 156 559 rules
159 534 178 559 or
183 534 225 559 other
232 534 315 559 unlearned
320 534 411 559 processing
419 534 472 559 stages
474 534 542 559 tailored
545 534 564 559 to
565 534 593 559 the
600 534 634 559 TSR

110 560 155 585 task,
162 561 212 585 which
218 561 277 585 brings
280 561 299 585 in
303 561 352 585 prior
353 561 456 585 knowledge
457 561 477 585 to
482 560 539 585 lessen
541 560 572 585 the
576 560 637 585 burden

110 588 169 612 placed
175 588 195 612 on
200 588 274 612 learning
277 588 305 613 the
309 588 344 613 task
350 588 393 613 from
402 588 445 613 data.
454 589 539 613 Currently,
541 589 564 613 no
571 589 638 613 solution

113 614 161 638 exists
166 614 204 639 that
207 614 247 639 uses
251 614 259 639 a
267 615 326 639 simple
332 615 428 639 supervised
431 615 506 639 learning
512 615 592 639 approach
602 614 636 639 with

113 639 132 664 an
138 639 248 665 off-the-shelf
253 640 361 666 architecture,
365 641 422 666 solves
423 641 452 666 the
458 641 492 666 TSR
502 641 535 666 task
544 641 641 666 completely,

113 669 142 693 and
151 669 225 693 achieves
231 670 364 694 state-of-the-art
365 670 488 694 performance.

686 509 736 533 these
743 509 769 533 are
778 509 865 533 removed.
878 509 917 533 This
923 509 1004 533 provides
1010 509 1017 533 a
1026 509 1053 533 set
1062 509 1080 533 of
1089 509 1184 533 conditions
1190 509 1215 533 for

690 534 747 559 quality
753 534 784 559 and
791 534 890 559 consistency
891 534 930 559 that
932 534 959 559 the
964 534 1066 559 annotations
1070 534 1095 559 are
1103 534 1195 559 quaranteed
1198 534 1215 559 to

690 561 739 585 meet.
740 561 762 585 In
765 561 794 585 the
797 561 830 585 rest
836 561 855 585 of
856 561 892 585 this
895 561 965 585 section,
970 561 993 585 we
999 561 1071 585 describe
1072 561 1120 586 these
1126 561 1216 586 conditions

689 590 720 613 and
724 590 753 613 the
759 590 800 613 steps
809 590 831 613 we
837 590 875 613 take
878 590 896 613 to
904 590 956 613 derive
965 590 1023 613 ground
1030 590 1067 613 truth
1076 590 1111 613 that
1118 590 1167 613 meets
1170 590 1216 613 them.

113 719 134 747 3.
141 719 180 746 Pub
190 719 292 746 Tables-IM

138 764 157 787 In
162 764 195 787 this
201 764 273 788 section,
279 764 302 788 we
311 764 385 788 describe
388 764 417 788 the
423 765 492 788 process
498 764 539 788 used
543 764 562 788 to
571 764 635 788 develop

113 788 142 813 Pub
150 789 253 814 Tables-IM.
254 789 305 814 First,
307 789 325 814 to
333 790 389 814 obtain
395 790 404 814 a
407 790 455 814 large
462 790 520 814 source
529 790 546 814 of
553 789 638 814 annotated

109 815 174 841 tables,
180 816 204 841 we
213 816 275 841 choose
278 816 310 841 the
316 816 393 841 PMCOA
404 816 473 841 corpus,
480 816 530 841 which
543 815 613 841 consists
623 815 637 840 of

112 842 187 867 millions
194 843 210 868 of
213 843 288 868 publicly
298 843 375 868 available
381 843 461 868 scientific
470 843 540 868 articles.
544 843 565 868 In
569 843 597 868 the
603 843 637 867 PM.

113 868 152 893 COA
163 868 228 894 corpus,
233 869 269 894 each
278 869 356 894 scientific
362 869 419 894 article
420 870 439 894 is
445 869 490 894 given
495 869 514 894 in
516 869 551 894 two
557 869 615 894 forms:
621 869 638 894 as

113 895 120 920 a
127 895 162 920 PDF
175 895 268 920 document,
274 896 323 920 which
332 896 399 920 visually
407 896 480 920 presents
483 896 511 920 the
519 896 581 920 article,
586 896 617 920 and
623 896 637 920 as

113 923 134 947 an
140 923 183 947 XMII
196 923 292 948 document,
295 924 348 948 which
354 924 434 948 provides
440 924 449 948 a
452 924 534 948 semantic
543 924 638 948 description

113 949 144 974 and
150 949 259 974 hierarchical
269 949 378 974 organization
386 950 405 974 of
409 950 440 974 the
448 950 552 974 document's
558 949 638 974 elements

112 975 153 999 Rach
159 975 202 999 table
203 976 219 999 's
225 976 290 1000 content
292 976 322 1000 and
331 977 404 1000 structure
408 977 426 1000 is
432 977 508 1000 specified
513 977 559 1000 using
568 976 638 1000 standard

110 1001 169 1027 HTML
181 1002 223 1027 tags.

139 1030 229 1054 However,
230 1030 302 1054 because
307 1030 341 1054 this
350 1030 386 1054 data
392 1030 427 1054 was
431 1030 463 1054 not
464 1030 545 1054 intended
551 1030 578 1054 for
584 1030 614 1054 use
620 1030 637 1054 as

115 1055 173 1080 ground
178 1055 216 1080 truth
224 1055 252 1080 for
254 1055 298 1080 table
304 1055 391 1080 extraction
398 1055 485 1080 modeling,
486 1055 504 1080 it
507 1055 546 1080 does
549 1055 581 1080 not
586 1054 638 1080 explic-

109 1081 140 1106 itly
143 1082 191 1106 label
196 1082 214 1106 or
220 1082 305 1106 quarantee
314 1082 386 1106 multiple
388 1082 445 1106 things
449 1082 483 1106 that
491 1082 543 1106 would
549 1081 569 1106 be
574 1081 637 1106 helpful

109 1108 138 1134 for
139 1109 175 1134 this
180 1109 262 1134 purpose.
266 1109 296 1134 For
301 1109 386 1134 instance,
389 1109 463 1134 although
470 1109 500 1134 the
505 1109 552 1134 same
555 1109 612 1134 tables
616 1108 635 1134 ap

112 1135 151 1160 pear
154 1135 173 1160 in
177 1135 215 1160 both
228 1135 331 1160 documents,
332 1135 356 1160 no
362 1135 414 1160 direct
419 1135 560 1160 correspondence
563 1135 638 1160 between

110 1162 154 1186 them
158 1162 177 1186 is
183 1162 235 1186 given,
239 1162 268 1186 nor
270 1162 300 1186 the
306 1162 364 1186 spatial
366 1162 439 1186 location
445 1162 462 1186 of
468 1162 503 1186 each
510 1162 564 1186 table.
565 1162 585 1186 In
590 1162 637 1186 terms

113 1188 132 1213 of
138 1188 174 1214 data
180 1189 246 1215 quality,
248 1190 298 1215 while
301 1190 356 1215 tables
362 1190 388 1215 are
395 1190 474 1215 generally
480 1190 565 1215 annotated
570 1190 639 1215 reliably,

109 1214 125 1239 it
127 1215 145 1239 is
150 1215 181 1240 not
184 1215 281 1240 quaranteed
284 1215 323 1240 that
326 1215 393 1240 column
396 1215 468 1240 headers
474 1215 499 1240 are
507 1215 593 1240 annotated
599 1214 638 1239 com-

110 1241 171 1266 pletely
180 1242 195 1266 or
200 1242 235 1266 that
238 1242 273 1266 text
279 1242 345 1266 content
351 1242 369 1266 as
376 1242 459 1266 annotated
466 1242 528 1266 exactly
536 1241 608 1266 matches
609 1241 638 1266 the

110 1268 145 1294 text
152 1269 219 1294 content
225 1269 244 1294 as
247 1269 263 1294 it
270 1269 338 1295 appears
342 1270 363 1295 in
364 1270 395 1295 the
402 1270 450 1295 PDF.
452 1270 525 1295 Finally,
530 1270 575 1295 some
583 1270 639 1295 labels,

112 1296 148 1319 such
161 1296 179 1319 as
183 1296 212 1319 the
215 1296 249 1320 row
255 1296 318 1320 header
324 1296 351 1320 for
360 1296 396 1320 each
402 1296 457 1320 table,
462 1296 488 1320 are
493 1296 523 1320 not
529 1296 617 1320 annotated
626 1296 639 1320 at

113 1322 140 1346 all.

139 1350 174 1374 The
176 1350 226 1374 basic
231 1351 310 1375 approach
322 1351 346 1375 we
350 1351 389 1375 take
392 1351 412 1375 to
421 1351 505 1375 overcome
510 1351 557 1375 these
562 1350 619 1374 issues
622 1350 638 1373 is

109 1375 148 1399 first
154 1375 176 1399 we
182 1375 249 1400 attempt
251 1375 271 1400 to
275 1375 342 1400 reliably
348 1376 389 1400 infer
397 1376 413 1400 as
421 1375 465 1400 much
475 1375 541 1400 missing
548 1375 638 1400 annotation

110 1401 220 1426 information
229 1401 246 1426 as
250 1402 326 1426 possible
332 1402 370 1426 (for
374 1402 458 1426 instance,
460 1402 491 1426 the
500 1402 559 1426 spatial
565 1402 639 1426 location

113 1428 132 1453 of
138 1428 175 1453 each
181 1428 235 1454 table)
240 1428 281 1454 from
286 1429 318 1454 the
321 1429 429 1454 information
430 1429 470 1454 that
471 1429 491 1454 is
492 1429 567 1454 present,
568 1429 610 1454 then
616 1429 638 1454 we

113 1454 165 1478 verify
169 1454 206 1479 that
212 1454 250 1479 each
263 1454 356 1479 annotation
365 1455 416 1479 meets
422 1455 483 1479 certain
487 1454 608 1479 requirements
613 1454 639 1479 for

112 1482 224 1506 consistency.
235 1483 257 1507 In
263 1483 311 1507 some
322 1483 375 1507 cases,
384 1483 407 1507 we
419 1483 481 1507 correct
490 1483 509 1507 an
521 1482 615 1506 annotation
621 1482 637 1505 to

113 1508 182 1533 attempt
183 1509 203 1533 to
212 1509 260 1534 make
264 1509 280 1534 it
289 1509 332 1534 more
339 1510 439 1534 consistent,
443 1510 480 1534 such
492 1510 509 1534 as
518 1509 591 1534 merging
600 1509 638 1534 cells

110 1534 147 1558 that
154 1534 179 1558 are
187 1534 330 1559 oversegmented.
336 1535 365 1559 We
374 1535 450 1559 consider
456 1535 515 1559 certain
520 1534 638 1559 requirements

109 1564 138 1586 for
142 1564 194 1586 tables
198 1564 214 1586 to
221 1564 242 1586 be
249 1564 292 1586 strict
300 1564 327 1586 and
336 1564 406 1586 samples
413 1564 466 1586 whose
474 1564 574 1586 annotations
580 1564 638 1586 violate

692 663 788 687 Alignment
812 663 874 688 Textin
882 664 891 688 a
897 664 935 688 PDF
945 664 1036 688 document
1041 664 1073 688 has
1078 664 1138 688 spatial
1142 664 1216 688 location

691 691 740 715 (Rmin,
741 691 787 715 Umin,
788 691 837 715 Rmax,
839 691 892 715 Umar),
895 690 945 715 while
950 690 987 715 text
988 690 1009 714 in
1015 690 1035 714 an
1043 689 1084 714 XMI
1098 688 1188 714 document
1194 688 1215 713 ap-

689 715 737 739 pears
743 715 798 739 inside
807 715 922 739 semantically
929 715 996 739 labeled
1002 715 1048 739 tags.
1065 714 1137 739 Because
1145 714 1174 738 the
1186 714 1216 738 cor-

686 742 803 767 respondence
809 742 886 767 between
892 742 941 767 these
947 742 965 767 is
973 742 1002 767 not
1012 742 1067 767 given,
1072 742 1103 767 the
1110 742 1146 767 first
1155 742 1187 767 step
1198 742 1215 767 in

688 768 761 793 creating
768 767 802 793 Pub
805 767 892 792 Tables-IM
906 767 925 792 is
931 767 950 792 to
960 767 1012 792 match
1021 767 1049 792 the
1055 767 1092 792 text
1098 767 1167 792 content
1172 767 1216 792 from

688 794 738 819 both.
749 794 776 819 We
784 794 856 819 process
859 794 890 819 the
899 794 934 819 PDF
951 794 1037 819 document
1043 794 1079 819 into
1091 794 1098 819 a
1108 794 1189 819 sequence
1201 794 1215 819 of

688 822 779 847 characters
784 822 820 847 each
831 822 866 847 with
875 822 917 847 their
923 822 1013 847 associated
1019 822 1103 847 bounding
1108 822 1141 847 box
1150 822 1179 847 and
1188 822 1215 847 use

686 847 716 872 the
720 847 894 872 Needleman-Wunsch
905 847 989 872 algorithm
992 847 1031 872 (10)
1033 847 1053 872 to
1059 847 1102 872 align
1105 847 1141 872 this
1145 847 1181 872 with
1187 847 1214 872 the

691 876 771 900 character
780 876 862 900 sequence
871 876 898 900 for
901 876 932 900 the
938 876 976 900 text
982 876 1063 900 extracted
1073 876 1115 900 from
1126 876 1160 900 each
1173 876 1215 900 table

687 902 760 927 HTML.
763 902 803 927 This
810 902 888 927 connects
889 902 918 927 the
921 902 958 927 text
963 902 1020 927 within
1027 902 1063 927 each
1070 902 1130 927 HTML
1137 902 1169 927 tag
1170 902 1188 927 to
1193 902 1215 927 its

690 928 748 954 spatial
750 928 824 953 location
830 928 866 953 with
874 928 902 953 the
909 928 945 953 PDF
958 928 1051 953 document.
1055 928 1087 953 For
1093 928 1129 953 each
1139 928 1172 953 cell
1178 928 1213 953 with

686 956 730 980 text,
734 956 760 980 we
766 956 841 980 compute
845 956 874 980 the
881 956 932 980 union
941 956 956 980 of
959 956 989 980 the
993 956 1080 980 bounding
1085 956 1137 980 boxes
1142 956 1169 980 for
1175 956 1212 980 each

689 982 772 1006 character
779 983 797 1006 of
802 983 832 1006 the
838 983 884 1006 cell's
887 983 932 1006 text,
938 983 987 1006 which
1001 983 1025 1006 we
1029 982 1073 1006 refer
1077 982 1097 1006 to
1106 982 1124 1006 as
1130 982 1137 1006 a
1145 982 1179 1006 text
1185 982 1215 1006 cell

686 1006 774 1033 bounding
778 1008 819 1033 box.

691 1082 800 1106 Completion
822 1083 910 1106 Following
916 1083 1011 1107 alignment,
1016 1083 1038 1107 we
1044 1083 1123 1107 complete
1127 1083 1155 1106 the
1162 1083 1215 1106 spatial

690 1110 788 1134 annotations
793 1110 811 1134 to
818 1110 870 1134 define
871 1110 956 1134 bounding
959 1110 1013 1134 boxes
1016 1110 1042 1134 for
1046 1110 1096 1134 rows,
1099 1110 1183 1134 columns,
1186 1110 1215 1134 and

687 1135 715 1160 the
724 1135 773 1160 entire
778 1135 831 1160 table.
841 1135 874 1160 The
878 1135 965 1160 bounding
971 1135 1003 1160 box
1012 1135 1037 1160 for
1042 1135 1073 1160 the
1077 1135 1124 1160 table
1127 1135 1144 1160 is
1151 1135 1215 1160 defined

689 1162 746 1187 simply
754 1162 773 1186 as
774 1162 804 1186 the
810 1161 860 1186 union
866 1161 884 1185 of
890 1161 910 1185 all
911 1161 949 1185 text
953 1161 985 1186 cell
989 1162 1072 1186 bounding
1075 1162 1135 1187 boxes.
1141 1163 1173 1188 The
1179 1164 1215 1189 2min

690 1191 719 1215 and
728 1191 768 1215 Rmax
777 1191 792 1215 of
797 1190 827 1215 the
833 1190 920 1215 bounding
924 1190 959 1215 box
965 1190 994 1215 for
1000 1190 1037 1215 each
1046 1190 1079 1215 row
1090 1190 1116 1215 are
1124 1191 1190 1215 defined
1197 1191 1214 1215 as

687 1216 718 1241 the
722 1216 763 1241 &min
769 1216 800 1240 and
806 1215 847 1240 zmar
856 1215 875 1240 of
878 1215 909 1240 the
914 1215 967 1240 table,
973 1215 1029 1240 giving
1038 1215 1083 1240 every
1090 1215 1124 1240 row
1133 1215 1163 1240 the
1170 1215 1214 1240 same

686 1241 778 1266 horizontal
779 1242 843 1267 length.
849 1243 883 1267 The
889 1243 927 1267 Umin
930 1243 960 1267 and
966 1243 1004 1267 ymax
1013 1243 1029 1267 of
1032 1243 1061 1267 the
1063 1242 1147 1267 bounding
1152 1241 1184 1266 box
1190 1241 1214 1266 for

690 1268 726 1293 each
735 1269 778 1293 row,
784 1269 807 1294 m.
814 1269 840 1294 are
849 1269 913 1294 defined
919 1270 941 1294 as
942 1270 973 1294 the
979 1270 1017 1294 zmin
1023 1270 1054 1294 and
1061 1270 1100 1295 zmax
1106 1270 1124 1295 of
1129 1270 1160 1294 the
1165 1270 1216 1294 union

690 1295 708 1320 of
712 1295 740 1320 the
744 1295 780 1320 text
786 1295 827 1320 cells
832 1295 860 1320 for
866 1295 902 1320 each
914 1295 947 1320 cell
953 1295 1009 1320 whose
1015 1295 1082 1320 starting
1089 1295 1121 1320 row
1131 1295 1150 1320 or
1156 1295 1215 1320 ending

686 1321 722 1346 row
726 1321 744 1346 is
753 1322 776 1346 m.
782 1322 871 1347 Similarly,
873 1323 902 1347 the
910 1323 945 1347 Umin
953 1323 982 1347 and
990 1323 998 1347 z
1004 1323 1027 1347 max
1036 1323 1052 1347 of
1056 1322 1086 1347 the
1090 1322 1178 1347 bounding
1181 1321 1215 1346 box

686 1348 714 1373 for
721 1348 757 1373 each
764 1349 830 1373 column
836 1349 864 1374 are
870 1349 932 1374 defined
939 1350 957 1374 as
958 1350 989 1374 the
995 1350 1030 1374 Vmin
1036 1350 1067 1374 and
1073 1349 1111 1374 ymar
1117 1349 1136 1374 of
1140 1349 1168 1374 the
1172 1349 1215 1374 table

688 1376 724 1400 The
729 1375 771 1400 Emin
778 1375 809 1400 and
815 1375 857 1399 zmar
866 1375 885 1399 of
888 1375 918 1399 the
924 1375 1014 1399 bounding
1020 1375 1052 1399 box
1061 1375 1088 1399 for
1097 1375 1135 1399 each
1146 1375 1216 1400 column,

689 1401 709 1426 n,
714 1402 741 1426 are
750 1402 813 1426 defined
822 1402 841 1426 as
842 1402 871 1427 the
878 1402 918 1427 &min
924 1403 954 1427 and
960 1403 1002 1427 &max
1008 1402 1026 1427 of
1029 1402 1060 1427 the
1065 1402 1118 1426 union
1126 1402 1143 1426 of
1145 1402 1176 1426 the
1180 1401 1215 1426 text

690 1429 722 1454 cell
725 1429 754 1454 for
758 1429 798 1454 each
806 1429 841 1454 cell
845 1429 902 1454 whose
908 1429 977 1454 starting
984 1429 1051 1454 column
1057 1429 1076 1454 or
1082 1429 1143 1454 ending
1150 1429 1215 1454 column

687 1454 706 1479 is
710 1454 731 1479 n.
740 1454 789 1479 From
796 1454 845 1479 these
851 1454 954 1479 definitions,
957 1454 989 1479 the
995 1454 1031 1479 grid
1041 1454 1076 1479 cell
1079 1454 1106 1479 for
1115 1454 1152 1479 each
1163 1454 1196 1479 cell
1198 1454 1215 1479 is

690 1482 754 1507 defined
765 1482 783 1507 as
788 1482 819 1507 the
826 1482 880 1507 union
888 1482 906 1507 of
911 1482 942 1507 the
948 1482 1035 1507 bounding
1043 1482 1098 1507 boxes
1107 1482 1126 1507 of
1129 1482 1160 1507 the
1169 1482 1204 1507 cell

687 1509 731 1534 rows
736 1509 837 1534 intersected
844 1509 880 1534 with
887 1509 916 1534 the
924 1509 975 1534 union
983 1509 1000 1534 of
1002 1509 1034 1534 the
1039 1509 1127 1534 bounding
1132 1509 1186 1534 boxes
1189 1509 1215 1534 for

687 1534 710 1559 its
715 1534 796 1559 columns.
799 1534 860 1559 Unlike
862 1534 893 1559 the
895 1534 931 1559 text
935 1534 973 1559 cell,
974 1534 1003 1559 the
1010 1534 1043 1559 grid
1050 1534 1084 1559 cell
1086 1534 1101 1559 is
1107 1534 1172 1559 defined
1178 1534 1217 1559 even

687 1563 715 1587 for
718 1563 767 1587 blank
778 1563 822 1587 cells.
