1362 1760
346 159 979 181 Table I. Comparison of crowd-sourced datasets for table structure recognition.
198 223 261 244 Dataset
198 264 307 288 TableBank 191
198 284 283 307 SCITSR /3
198 307 341 331 PubTabNet (22,231
198 330 312 352 Fin TabNet (22)
402 213 450 233 Input
402 233 474 253 Modality
402 266 449 286 lmage
402 282 446 307 PDRT
402 310 449 329 Image
402 329 438 350 PDR
510 224 578 244 H Tables
534 265 575 284 145K
542 287 575 306 I5K
522 308 568 329 SIOK
534 332 575 352 113K
621 213 659 233 Cell
603 234 676 256 Topology
714 213 750 231 Cell
702 232 770 255 Content
723 328 740 356 5
807 214 844 233 Cell
770 233 862 253 Location
808 319 840 357 s+
889 213 1013 231 Row & Column
915 234 988 253 Location
1043 214 1122 233 Canonical
1043 234 1121 253 Structure
198 363 364 385 PubTables-IM (ours)
402 362 445 383 PDF
531 363 576 384 9A8K
207 399 769 417 Multiple input modalities, such as image or text, can be derived from annotated PDF data
207 420 717 439 The authors release annotations for 5lOK of the 568 K total tables in their dataset.
200 439 932 459 For these datasets, cell bounding boxes are given for non-blank cells only and exclude any non-text portion of a cell
109 510 640 533 components or custom training procedures, and incorporate
109 535 638 560 rules or other unlearned processing stages tailored to the TSR
109 561 638 587 task, which brings in prior knowledge to lessen the burden
110 588 638 614 placed on learning the task from data. Currently, no solution
109 614 640 640 exists that uses a simple supervised learning approach with
108 639 641 667 an off-the-shelf architecture, solves the TSR task completely,
107 669 488 694 and achieves state-of-the-art performance.
686 510 1217 534 these are removed. This provides a set of conditions for
686 535 1217 560 quality and consistency that the annotations are quaranteed to
686 561 1217 587 meet. In the rest of this section, we describe these conditions
686 591 1218 613 and the steps we take to derive ground truth that meets them.
109 719 308 748 3. Pub Tables-IM
134 763 638 788 In this section, we describe the process used to develop
109 788 638 814 Pub Tables-IM. First, to obtain a large source of annotated
109 815 639 842 tables, we choose the PMCOA corpus, which consists of
109 843 639 869 millions of publicly available scientific articles. In the PM.
108 868 639 894 COA corpus, each scientific article is given in two forms: as
109 895 639 922 a PDF document, which visually presents the article, and as
108 923 639 949 an XMII document, which provides a semantic description
109 949 639 975 and hierarchical organization of the document's elements
109 975 639 1001 Rach table 's content and structure is specified using standard
109 1001 223 1027 HTML tags.
135 1031 639 1055 However, because this data was not intended for use as
110 1054 639 1081 ground truth for table extraction modeling, it does not explic-
109 1082 639 1108 itly label or quarantee multiple things that would be helpful
109 1109 637 1135 for this purpose. For instance, although the same tables ap
110 1136 639 1161 pear in both documents, no direct correspondence between
109 1162 638 1186 them is given, nor the spatial location of each table. In terms
109 1189 639 1215 of data quality, while tables are generally annotated reliably,
109 1215 639 1241 it is not quaranteed that column headers are annotated com-
110 1242 639 1268 pletely or that text content as annotated exactly matches the
109 1269 639 1295 text content as it appears in the PDF. Finally, some labels,
109 1296 639 1321 such as the row header for each table, are not annotated at
108 1323 142 1347 all.
136 1350 639 1375 The basic approach we take to overcome these issues is
109 1375 639 1401 first we attempt to reliably infer as much missing annotation
109 1401 640 1427 information as possible (for instance, the spatial location
109 1427 638 1454 of each table) from the information that is present, then we
109 1454 640 1480 verify that each annotation meets certain requirements for
109 1482 639 1507 consistency. In some cases, we correct an annotation to
109 1508 638 1534 attempt to make it more consistent, such as merging cells
109 1534 638 1560 that are oversegmented. We consider certain requirements
109 1564 640 1587 for tables to be strict and samples whose annotations violate
687 663 1217 688 Alignment Textin a PDF document has spatial location
691 688 1215 717 (Rmin, Umin, Rmax, Umar), while text in an XMI document ap-
690 714 1217 740 pears inside semantically labeled tags. Because the cor-
687 742 1217 767 respondence between these is not given, the first step in
687 768 1217 794 creating Pub Tables-IM is to match the text content from
687 795 1217 820 both. We process the PDF document into a sequence of
686 822 1217 847 characters each with their associated bounding box and use
686 848 1215 873 the Needleman-Wunsch algorithm (10) to align this with the
686 876 1217 900 character sequence for the text extracted from each table
686 902 1217 927 HTML. This connects the text within each HTML tag to its
686 928 1217 955 spatial location with the PDF document. For each cell with
686 956 1217 980 text, we compute the union of the bounding boxes for each
685 982 1217 1007 character of the cell's text, which we refer to as a text cell
685 1007 819 1033 bounding box.
686 1083 1216 1107 Completion Following alignment, we complete the spatial
686 1110 1216 1135 annotations to define bounding boxes for rows, columns, and
686 1136 1217 1161 the entire table. The bounding box for the table is defined
685 1162 1216 1190 simply as the union of all text cell bounding boxes. The 2min
685 1189 1215 1216 and Rmax of the bounding box for each row are defined as
685 1216 1215 1242 the &min and zmar of the table, giving every row the same
686 1242 1215 1269 horizontal length. The Umin and ymax of the bounding box for
686 1269 1217 1295 each row, m. are defined as the zmin and zmax of the union
686 1296 1217 1321 of the text cells for each cell whose starting row or ending
686 1322 1217 1349 row is m. Similarly, the Umin and z max of the bounding box
686 1349 1217 1375 for each column are defined as the Vmin and ymar of the table
687 1375 1217 1401 The Emin and zmar of the bounding box for each column,
686 1403 1217 1428 n, are defined as the &min and &max of the union of the text
686 1429 1217 1454 cell for each cell whose starting column or ending column
686 1455 1217 1480 is n. From these definitions, the grid cell for each cell is
686 1482 1217 1507 defined as the union of the bounding boxes of the cell
686 1509 1217 1534 rows intersected with the union of the bounding boxes for
686 1535 1218 1560 its columns. Unlike the text cell, the grid cell is defined even
686 1563 823 1587 for blank cells.
